<?xml version="1.0" encoding="UTF-8"?><record xmlns="http://www.loc.gov/MARC21/slim" xmlns:cinclude="http://apache.org/cocoon/include/1.0" xmlns:zs="http://www.loc.gov/zing/srw/">
  <leader>00438nz  a2200133n  4500</leader>
  <controlfield tag="001">n  99026864 </controlfield>
  <controlfield tag="003">DLC</controlfield>
  <controlfield tag="005">19990406105705.5</controlfield>
  <controlfield tag="008">990406n| acannaab|          |n ana |||  </controlfield>
  <datafield tag="010" ind1=" " ind2=" ">
    <subfield code="a">n  99026864 </subfield>
  </datafield>
  <datafield tag="040" ind1=" " ind2=" ">
    <subfield code="a">DLC</subfield>
    <subfield code="b">eng</subfield>
    <subfield code="c">DLC</subfield>
  </datafield>
  <datafield tag="110" ind1="2" ind2=" ">
    <subfield code="a">Gadsden Public Library</subfield>
  </datafield>
  <datafield tag="670" ind1=" " ind2=" ">
    <subfield code="a">97 Etowah County Alabama cemeteries, 1998:</subfield>
    <subfield code="b">t.p. (Gadsden Public Library)</subfield>
  </datafield>
  <datafield tag="670" ind1=" " ind2=" ">
    <subfield code="a">Phone call to Gadsden Public Library, 04-06-99</subfield>
    <subfield code="b">(Gadsden Public Library, Gadsden AL)</subfield>
  </datafield>
</record>